
@inproceedings{felt2017measuring,
  title={Measuring HTTPS adoption on the web},
  author={Felt, Adrienne Porter and Barnes, Richard and King, April and Palmer, Chris and Bentzel, Chris and Tabriz, Parisa},
  booktitle={26th USENIX Security Symposium},
  pages={1323--1338},
  year={2017}
}

@incollection{stevens2009short,
  title={Short chosen-prefix collisions for MD5 and the creation of a rogue CA certificate},
  author={Stevens, Marc and Sotirov, Alexander and Appelbaum, Jacob and Lenstra, Arjen and Molnar, David and Osvik, Dag Arne and De Weger, Benne},
  booktitle={Advances in Cryptology-CRYPTO 2009},
  pages={55--69},
  year={2009},
  publisher={Springer}
}

@inproceedings{holz2011ssl,
  title={The SSL landscape: a thorough analysis of the x. 509 PKI using active and passive measurements},
  author={Holz, Ralph and Braun, Lothar and Kammenhuber, Nils and Carle, Georg},
  booktitle={Proceedings of the 2011 ACM SIGCOMM conference on Internet measurement conference},
  pages={427--444},
  year={2011},
  organization={ACM}
}

@inproceedings{durumeric2013analysis,
  title={Analysis of the HTTPS certificate ecosystem},
  author={Durumeric, Zakir and Kasten, James and Bailey, Michael and Halderman, J Alex},
  booktitle={Proceedings of the 2013 conference on Internet measurement conference},
  pages={291--304},
  year={2013},
  organization={ACM}
}
